%YAML 1.1
%TAG !u! tag:unity3d.com,2011:
--- !u!29 &1
OcclusionCullingSettings:
  m_ObjectHideFlags: 0
  serializedVersion: 2
  m_OcclusionBakeSettings:
    smallestOccluder: 5
    smallestHole: 0.25
    backfaceThreshold: 100
  m_SceneGUID: 00000000000000000000000000000000
  m_OcclusionCullingData: {fileID: 0}
--- !u!104 &2
RenderSettings:
  m_ObjectHideFlags: 0
  serializedVersion: 9
  m_Fog: 0
  m_FogColor: {r: 0.5, g: 0.5, b: 0.5, a: 1}
  m_FogMode: 3
  m_FogDensity: 0.01
  m_LinearFogStart: 0
  m_LinearFogEnd: 300
  m_AmbientSkyColor: {r: 0.212, g: 0.227, b: 0.259, a: 1}
  m_AmbientEquatorColor: {r: 0.114, g: 0.125, b: 0.133, a: 1}
  m_AmbientGroundColor: {r: 0.047, g: 0.043, b: 0.035, a: 1}
  m_AmbientIntensity: 1
  m_AmbientMode: 0
  m_SubtractiveShadowColor: {r: 0.42, g: 0.478, b: 0.627, a: 1}
  m_SkyboxMaterial: {fileID: 10304, guid: 0000000000000000f000000000000000, type: 0}
  m_HaloStrength: 0.5
  m_FlareStrength: 1
  m_FlareFadeSpeed: 3
  m_HaloTexture: {fileID: 0}
  m_SpotCookie: {fileID: 10001, guid: 0000000000000000e000000000000000, type: 0}
  m_DefaultReflectionMode: 0
  m_DefaultReflectionResolution: 128
  m_ReflectionBounces: 1
  m_ReflectionIntensity: 1
  m_CustomReflection: {fileID: 0}
  m_Sun: {fileID: 170076734}
  m_IndirectSpecularColor: {r: 0.18028378, g: 0.22571412, b: 0.30692285, a: 1}
  m_UseRadianceAmbientProbe: 0
--- !u!157 &3
LightmapSettings:
  m_ObjectHideFlags: 0
  serializedVersion: 11
  m_GIWorkflowMode: 0
  m_GISettings:
    serializedVersion: 2
    m_BounceScale: 1
    m_IndirectOutputScale: 1
    m_AlbedoBoost: 1
    m_EnvironmentLightingMode: 0
    m_EnableBakedLightmaps: 1
    m_EnableRealtimeLightmaps: 0
  m_LightmapEditorSettings:
    serializedVersion: 12
    m_Resolution: 2
    m_BakeResolution: 10
    m_AtlasSize: 512
    m_AO: 0
    m_AOMaxDistance: 1
    m_CompAOExponent: 1
    m_CompAOExponentDirect: 0
    m_ExtractAmbientOcclusion: 0
    m_Padding: 2
    m_LightmapParameters: {fileID: 0}
    m_LightmapsBakeMode: 1
    m_TextureCompression: 1
    m_FinalGather: 0
    m_FinalGatherFiltering: 1
    m_FinalGatherRayCount: 256
    m_ReflectionCompression: 2
    m_MixedBakeMode: 2
    m_BakeBackend: 1
    m_PVRSampling: 1
    m_PVRDirectSampleCount: 32
    m_PVRSampleCount: 256
    m_PVRBounces: 2
    m_PVREnvironmentSampleCount: 256
    m_PVREnvironmentReferencePointCount: 2048
    m_PVRFilteringMode: 2
    m_PVRDenoiserTypeDirect: 0
    m_PVRDenoiserTypeIndirect: 0
    m_PVRDenoiserTypeAO: 0
    m_PVRFilterTypeDirect: 0
    m_PVRFilterTypeIndirect: 0
    m_PVRFilterTypeAO: 0
    m_PVREnvironmentMIS: 0
    m_PVRCulling: 1
    m_PVRFilteringGaussRadiusDirect: 1
    m_PVRFilteringGaussRadiusIndirect: 5
    m_PVRFilteringGaussRadiusAO: 2
    m_PVRFilteringAtrousPositionSigmaDirect: 0.5
    m_PVRFilteringAtrousPositionSigmaIndirect: 2
    m_PVRFilteringAtrousPositionSigmaAO: 1
    m_ExportTrainingData: 0
    m_TrainingDataDestination: TrainingData
    m_LightProbeSampleCountMultiplier: 4
  m_LightingDataAsset: {fileID: 0}
  m_UseShadowmask: 1
--- !u!196 &4
NavMeshSettings:
  serializedVersion: 2
  m_ObjectHideFlags: 0
  m_BuildSettings:
    serializedVersion: 2
    agentTypeID: 0
    agentRadius: 0.5
    agentHeight: 2
    agentSlope: 45
    agentClimb: 0.4
    ledgeDropHeight: 0
    maxJumpAcrossDistance: 0
    minRegionArea: 2
    manualCellSize: 0
    cellSize: 0.16666667
    manualTileSize: 0
    tileSize: 256
    accuratePlacement: 0
    debug:
      m_Flags: 0
  m_NavMeshData: {fileID: 0}
--- !u!1 &170076733
GameObject:
  m_ObjectHideFlags: 0
  m_CorrespondingSourceObject: {fileID: 0}
  m_PrefabInstance: {fileID: 0}
  m_PrefabAsset: {fileID: 0}
  serializedVersion: 6
  m_Component:
  - component: {fileID: 170076735}
  - component: {fileID: 170076734}
  m_Layer: 0
  m_Name: Directional Light
  m_TagString: Untagged
  m_Icon: {fileID: 0}
  m_NavMeshLayer: 0
  m_StaticEditorFlags: 0
  m_IsActive: 1
--- !u!108 &170076734
Light:
  m_ObjectHideFlags: 0
  m_CorrespondingSourceObject: {fileID: 0}
  m_PrefabInstance: {fileID: 0}
  m_PrefabAsset: {fileID: 0}
  m_GameObject: {fileID: 170076733}
  m_Enabled: 1
  serializedVersion: 10
  m_Type: 1
  m_Shape: 0
  m_Color: {r: 1, g: 0.95686275, b: 0.8392157, a: 1}
  m_Intensity: 1
  m_Range: 10
  m_SpotAngle: 30
  m_InnerSpotAngle: 21.80208
  m_CookieSize: 10
  m_Shadows:
    m_Type: 2
    m_Resolution: -1
    m_CustomResolution: -1
    m_Strength: 1
    m_Bias: 0.05
    m_NormalBias: 0.4
    m_NearPlane: 0.2
    m_CullingMatrixOverride:
      e00: 1
      e01: 0
      e02: 0
      e03: 0
      e10: 0
      e11: 1
      e12: 0
      e13: 0
      e20: 0
      e21: 0
      e22: 1
      e23: 0
      e30: 0
      e31: 0
      e32: 0
      e33: 1
    m_UseCullingMatrixOverride: 0
  m_Cookie: {fileID: 0}
  m_DrawHalo: 0
  m_Flare: {fileID: 0}
  m_RenderMode: 0
  m_CullingMask:
    serializedVersion: 2
    m_Bits: 4294967295
  m_RenderingLayerMask: 1
  m_Lightmapping: 1
  m_LightShadowCasterMode: 0
  m_AreaSize: {x: 1, y: 1}
  m_BounceIntensity: 1
  m_ColorTemperature: 6570
  m_UseColorTemperature: 0
  m_BoundingSphereOverride: {x: 0, y: 0, z: 0, w: 0}
  m_UseBoundingSphereOverride: 0
  m_ShadowRadius: 0
  m_ShadowAngle: 0
--- !u!4 &170076735
Transform:
  m_ObjectHideFlags: 0
  m_CorrespondingSourceObject: {fileID: 0}
  m_PrefabInstance: {fileID: 0}
  m_PrefabAsset: {fileID: 0}
  m_GameObject: {fileID: 170076733}
  m_LocalRotation: {x: 0.40821788, y: -0.23456968, z: 0.10938163, w: 0.8754261}
  m_LocalPosition: {x: 2.02, y: 7.82, z: -3.51}
  m_LocalScale: {x: 1, y: 1, z: 1}
  m_Children: []
  m_Father: {fileID: 0}
  m_RootOrder: 1
  m_LocalEulerAnglesHint: {x: 50, y: -30, z: 0}
--- !u!1001 &364111576
PrefabInstance:
  m_ObjectHideFlags: 0
  serializedVersion: 2
  m_Modification:
    m_TransformParent: {fileID: 0}
    m_Modifications:
    - target: {fileID: 2058227596602697297, guid: d4579e9ca3760c345aac8a2ea458fc32,
        type: 3}
      propertyPath: m_Name
      value: office5
      objectReference: {fileID: 0}
    - target: {fileID: 2058227596602697297, guid: d4579e9ca3760c345aac8a2ea458fc32,
        type: 3}
      propertyPath: m_IsActive
      value: 0
      objectReference: {fileID: 0}
    - target: {fileID: 3083578989835326530, guid: d4579e9ca3760c345aac8a2ea458fc32,
        type: 3}
      propertyPath: m_LocalPosition.x
      value: 0
      objectReference: {fileID: 0}
    - target: {fileID: 3083578989835326530, guid: d4579e9ca3760c345aac8a2ea458fc32,
        type: 3}
      propertyPath: m_LocalPosition.y
      value: -1.96
      objectReference: {fileID: 0}
    - target: {fileID: 3083578989835326530, guid: d4579e9ca3760c345aac8a2ea458fc32,
        type: 3}
      propertyPath: m_LocalPosition.z
      value: 0
      objectReference: {fileID: 0}
    - target: {fileID: 3083578989835326530, guid: d4579e9ca3760c345aac8a2ea458fc32,
        type: 3}
      propertyPath: m_LocalRotation.x
      value: 0
      objectReference: {fileID: 0}
    - target: {fileID: 3083578989835326530, guid: d4579e9ca3760c345aac8a2ea458fc32,
        type: 3}
      propertyPath: m_LocalRotation.y
      value: 0
      objectReference: {fileID: 0}
    - target: {fileID: 3083578989835326530, guid: d4579e9ca3760c345aac8a2ea458fc32,
        type: 3}
      propertyPath: m_LocalRotation.z
      value: 0
      objectReference: {fileID: 0}
    - target: {fileID: 3083578989835326530, guid: d4579e9ca3760c345aac8a2ea458fc32,
        type: 3}
      propertyPath: m_LocalRotation.w
      value: 1
      objectReference: {fileID: 0}
    - target: {fileID: 3083578989835326530, guid: d4579e9ca3760c345aac8a2ea458fc32,
        type: 3}
      propertyPath: m_RootOrder
      value: 5
      objectReference: {fileID: 0}
    - target: {fileID: 3083578989835326530, guid: d4579e9ca3760c345aac8a2ea458fc32,
        type: 3}
      propertyPath: m_LocalEulerAnglesHint.x
      value: 0
      objectReference: {fileID: 0}
    - target: {fileID: 3083578989835326530, guid: d4579e9ca3760c345aac8a2ea458fc32,
        type: 3}
      propertyPath: m_LocalEulerAnglesHint.y
      value: 0
      objectReference: {fileID: 0}
    - target: {fileID: 3083578989835326530, guid: d4579e9ca3760c345aac8a2ea458fc32,
        type: 3}
      propertyPath: m_LocalEulerAnglesHint.z
      value: 0
      objectReference: {fileID: 0}
    m_RemovedComponents: []
  m_SourcePrefab: {fileID: 100100000, guid: d4579e9ca3760c345aac8a2ea458fc32, type: 3}
--- !u!1001 &493336082
PrefabInstance:
  m_ObjectHideFlags: 0
  serializedVersion: 2
  m_Modification:
    m_TransformParent: {fileID: 0}
    m_Modifications:
    - target: {fileID: 100004, guid: 126d619cf4daa52469682f85c1378b4a, type: 3}
      propertyPath: m_Name
      value: OVRCameraRig
      objectReference: {fileID: 0}
    - target: {fileID: 400004, guid: 126d619cf4daa52469682f85c1378b4a, type: 3}
      propertyPath: m_LocalPosition.x
      value: -1.4
      objectReference: {fileID: 0}
    - target: {fileID: 400004, guid: 126d619cf4daa52469682f85c1378b4a, type: 3}
      propertyPath: m_LocalPosition.y
      value: 0
      objectReference: {fileID: 0}
    - target: {fileID: 400004, guid: 126d619cf4daa52469682f85c1378b4a, type: 3}
      propertyPath: m_LocalPosition.z
      value: 1.75
      objectReference: {fileID: 0}
    - target: {fileID: 400004, guid: 126d619cf4daa52469682f85c1378b4a, type: 3}
      propertyPath: m_LocalRotation.x
      value: 0
      objectReference: {fileID: 0}
    - target: {fileID: 400004, guid: 126d619cf4daa52469682f85c1378b4a, type: 3}
      propertyPath: m_LocalRotation.y
      value: 1
      objectReference: {fileID: 0}
    - target: {fileID: 400004, guid: 126d619cf4daa52469682f85c1378b4a, type: 3}
      propertyPath: m_LocalRotation.z
      value: 0
      objectReference: {fileID: 0}
    - target: {fileID: 400004, guid: 126d619cf4daa52469682f85c1378b4a, type: 3}
      propertyPath: m_LocalRotation.w
      value: 0
      objectReference: {fileID: 0}
    - target: {fileID: 400004, guid: 126d619cf4daa52469682f85c1378b4a, type: 3}
      propertyPath: m_RootOrder
      value: 0
      objectReference: {fileID: 0}
    - target: {fileID: 400004, guid: 126d619cf4daa52469682f85c1378b4a, type: 3}
      propertyPath: m_LocalEulerAnglesHint.x
      value: 0
      objectReference: {fileID: 0}
    - target: {fileID: 400004, guid: 126d619cf4daa52469682f85c1378b4a, type: 3}
      propertyPath: m_LocalEulerAnglesHint.y
      value: 180
      objectReference: {fileID: 0}
    - target: {fileID: 400004, guid: 126d619cf4daa52469682f85c1378b4a, type: 3}
      propertyPath: m_LocalEulerAnglesHint.z
      value: 0
      objectReference: {fileID: 0}
    m_RemovedComponents: []
  m_SourcePrefab: {fileID: 100100000, guid: 126d619cf4daa52469682f85c1378b4a, type: 3}
--- !u!1001 &832084946
PrefabInstance:
  m_ObjectHideFlags: 0
  serializedVersion: 2
  m_Modification:
    m_TransformParent: {fileID: 1232246764}
    m_Modifications:
    - target: {fileID: 112276, guid: d9809c5e8418bb047bf2c8ba1d1a2cec, type: 3}
      propertyPath: m_Name
      value: OVRControllerPrefab
      objectReference: {fileID: 0}
    - target: {fileID: 488160, guid: d9809c5e8418bb047bf2c8ba1d1a2cec, type: 3}
      propertyPath: m_LocalPosition.x
      value: 0
      objectReference: {fileID: 0}
    - target: {fileID: 488160, guid: d9809c5e8418bb047bf2c8ba1d1a2cec, type: 3}
      propertyPath: m_LocalPosition.y
      value: 0
      objectReference: {fileID: 0}
    - target: {fileID: 488160, guid: d9809c5e8418bb047bf2c8ba1d1a2cec, type: 3}
      propertyPath: m_LocalPosition.z
      value: 0
      objectReference: {fileID: 0}
    - target: {fileID: 488160, guid: d9809c5e8418bb047bf2c8ba1d1a2cec, type: 3}
      propertyPath: m_LocalRotation.x
      value: -0
      objectReference: {fileID: 0}
    - target: {fileID: 488160, guid: d9809c5e8418bb047bf2c8ba1d1a2cec, type: 3}
      propertyPath: m_LocalRotation.y
      value: -0
      objectReference: {fileID: 0}
    - target: {fileID: 488160, guid: d9809c5e8418bb047bf2c8ba1d1a2cec, type: 3}
      propertyPath: m_LocalRotation.z
      value: -0
      objectReference: {fileID: 0}
    - target: {fileID: 488160, guid: d9809c5e8418bb047bf2c8ba1d1a2cec, type: 3}
      propertyPath: m_LocalRotation.w
      value: 1
      objectReference: {fileID: 0}
    - target: {fileID: 488160, guid: d9809c5e8418bb047bf2c8ba1d1a2cec, type: 3}
      propertyPath: m_RootOrder
      value: 0
      objectReference: {fileID: 0}
    - target: {fileID: 488160, guid: d9809c5e8418bb047bf2c8ba1d1a2cec, type: 3}
      propertyPath: m_LocalEulerAnglesHint.x
      value: 0
      objectReference: {fileID: 0}
    - target: {fileID: 488160, guid: d9809c5e8418bb047bf2c8ba1d1a2cec, type: 3}
      propertyPath: m_LocalEulerAnglesHint.y
      value: 0
      objectReference: {fileID: 0}
    - target: {fileID: 488160, guid: d9809c5e8418bb047bf2c8ba1d1a2cec, type: 3}
      propertyPath: m_LocalEulerAnglesHint.z
      value: 0
      objectReference: {fileID: 0}
    m_RemovedComponents: []
  m_SourcePrefab: {fileID: 100100000, guid: d9809c5e8418bb047bf2c8ba1d1a2cec, type: 3}
--- !u!4 &1232246764 stripped
Transform:
  m_CorrespondingSourceObject: {fileID: 4484591312116288, guid: 126d619cf4daa52469682f85c1378b4a,
    type: 3}
  m_PrefabInstance: {fileID: 493336082}
  m_PrefabAsset: {fileID: 0}
--- !u!1 &1256011246
GameObject:
  m_ObjectHideFlags: 0
  m_CorrespondingSourceObject: {fileID: 0}
  m_PrefabInstance: {fileID: 0}
  m_PrefabAsset: {fileID: 0}
  serializedVersion: 6
  m_Component:
  - component: {fileID: 1256011251}
  - component: {fileID: 1256011250}
  - component: {fileID: 1256011249}
  - component: {fileID: 1256011248}
  - component: {fileID: 1256011247}
  m_Layer: 0
  m_Name: Sphere
  m_TagString: Untagged
  m_Icon: {fileID: 0}
  m_NavMeshLayer: 0
  m_StaticEditorFlags: 0
  m_IsActive: 0
--- !u!328 &1256011247
VideoPlayer:
  m_ObjectHideFlags: 0
  m_CorrespondingSourceObject: {fileID: 0}
  m_PrefabInstance: {fileID: 0}
  m_PrefabAsset: {fileID: 0}
  m_GameObject: {fileID: 1256011246}
  m_Enabled: 1
  m_VideoClip: {fileID: 32900000, guid: dfd54c564bb6fff458388a54c6e29364, type: 3}
  m_TargetCameraAlpha: 1
  m_TargetCamera3DLayout: 0
  m_TargetCamera: {fileID: 0}
  m_TargetTexture: {fileID: 0}
  m_TimeReference: 0
  m_TargetMaterialRenderer: {fileID: 0}
  m_TargetMaterialProperty: _MainTex
  m_RenderMode: 3
  m_AspectRatio: 2
  m_DataSource: 0
  m_PlaybackSpeed: 1
  m_AudioOutputMode: 2
  m_TargetAudioSources:
  - {fileID: 0}
  m_DirectAudioVolumes:
  - 1
  m_Url: 
  m_EnabledAudioTracks: 01
  m_DirectAudioMutes: 00
  m_ControlledAudioTrackCount: 1
  m_PlayOnAwake: 1
  m_SkipOnDrop: 1
  m_Looping: 1
  m_WaitForFirstFrame: 1
  m_FrameReadyEventEnabled: 0
--- !u!135 &1256011248
SphereCollider:
  m_ObjectHideFlags: 0
  m_CorrespondingSourceObject: {fileID: 0}
  m_PrefabInstance: {fileID: 0}
  m_PrefabAsset: {fileID: 0}
  m_GameObject: {fileID: 1256011246}
  m_Material: {fileID: 0}
  m_IsTrigger: 0
  m_Enabled: 1
  serializedVersion: 2
  m_Radius: 0.5
  m_Center: {x: 0, y: 0, z: 0}
--- !u!23 &1256011249
MeshRenderer:
  m_ObjectHideFlags: 0
  m_CorrespondingSourceObject: {fileID: 0}
  m_PrefabInstance: {fileID: 0}
  m_PrefabAsset: {fileID: 0}
  m_GameObject: {fileID: 1256011246}
  m_Enabled: 1
  m_CastShadows: 1
  m_ReceiveShadows: 1
  m_DynamicOccludee: 1
  m_MotionVectors: 1
  m_LightProbeUsage: 1
  m_ReflectionProbeUsage: 1
  m_RayTracingMode: 2
  m_RenderingLayerMask: 1
  m_RendererPriority: 0
  m_Materials:
  - {fileID: 2100000, guid: d7775113807d26f47b721030db516bff, type: 2}
  m_StaticBatchInfo:
    firstSubMesh: 0
    subMeshCount: 0
  m_StaticBatchRoot: {fileID: 0}
  m_ProbeAnchor: {fileID: 0}
  m_LightProbeVolumeOverride: {fileID: 0}
  m_ScaleInLightmap: 1
  m_ReceiveGI: 1
  m_PreserveUVs: 0
  m_IgnoreNormalsForChartDetection: 0
  m_ImportantGI: 0
  m_StitchLightmapSeams: 0
  m_SelectedEditorRenderState: 3
  m_MinimumChartSize: 4
  m_AutoUVMaxDistance: 0.5
  m_AutoUVMaxAngle: 89
  m_LightmapParameters: {fileID: 0}
  m_SortingLayerID: 0
  m_SortingLayer: 0
  m_SortingOrder: 0
--- !u!33 &1256011250
MeshFilter:
  m_ObjectHideFlags: 0
  m_CorrespondingSourceObject: {fileID: 0}
  m_PrefabInstance: {fileID: 0}
  m_PrefabAsset: {fileID: 0}
  m_GameObject: {fileID: 1256011246}
  m_Mesh: {fileID: 10207, guid: 0000000000000000e000000000000000, type: 0}
--- !u!4 &1256011251
Transform:
  m_ObjectHideFlags: 0
  m_CorrespondingSourceObject: {fileID: 0}
  m_PrefabInstance: {fileID: 0}
  m_PrefabAsset: {fileID: 0}
  m_GameObject: {fileID: 1256011246}
  m_LocalRotation: {x: 0, y: 0, z: 0, w: 1}
  m_LocalPosition: {x: 0, y: 0, z: 0}
  m_LocalScale: {x: 10, y: 10, z: 10}
  m_Children: []
  m_Father: {fileID: 0}
  m_RootOrder: 3
  m_LocalEulerAnglesHint: {x: 0, y: 0, z: 0}
--- !u!4 &1648310587 stripped
Transform:
  m_CorrespondingSourceObject: {fileID: 482130, guid: 126d619cf4daa52469682f85c1378b4a,
    type: 3}
  m_PrefabInstance: {fileID: 493336082}
  m_PrefabAsset: {fileID: 0}
--- !u!1001 &1795022517
PrefabInstance:
  m_ObjectHideFlags: 0
  serializedVersion: 2
  m_Modification:
    m_TransformParent: {fileID: 1648310587}
    m_Modifications:
    - target: {fileID: 112276, guid: d9809c5e8418bb047bf2c8ba1d1a2cec, type: 3}
      propertyPath: m_Name
      value: OVRControllerPrefab
      objectReference: {fileID: 0}
    - target: {fileID: 488160, guid: d9809c5e8418bb047bf2c8ba1d1a2cec, type: 3}
      propertyPath: m_LocalPosition.x
      value: 0
      objectReference: {fileID: 0}
    - target: {fileID: 488160, guid: d9809c5e8418bb047bf2c8ba1d1a2cec, type: 3}
      propertyPath: m_LocalPosition.y
      value: 0
      objectReference: {fileID: 0}
    - target: {fileID: 488160, guid: d9809c5e8418bb047bf2c8ba1d1a2cec, type: 3}
      propertyPath: m_LocalPosition.z
      value: 0
      objectReference: {fileID: 0}
    - target: {fileID: 488160, guid: d9809c5e8418bb047bf2c8ba1d1a2cec, type: 3}
      propertyPath: m_LocalRotation.x
      value: -0
      objectReference: {fileID: 0}
    - target: {fileID: 488160, guid: d9809c5e8418bb047bf2c8ba1d1a2cec, type: 3}
      propertyPath: m_LocalRotation.y
      value: -0
      objectReference: {fileID: 0}
    - target: {fileID: 488160, guid: d9809c5e8418bb047bf2c8ba1d1a2cec, type: 3}
      propertyPath: m_LocalRotation.z
      value: -0
      objectReference: {fileID: 0}
    - target: {fileID: 488160, guid: d9809c5e8418bb047bf2c8ba1d1a2cec, type: 3}
      propertyPath: m_LocalRotation.w
      value: 1
      objectReference: {fileID: 0}
    - target: {fileID: 488160, guid: d9809c5e8418bb047bf2c8ba1d1a2cec, type: 3}
      propertyPath: m_RootOrder
      value: 1
      objectReference: {fileID: 0}
    - target: {fileID: 488160, guid: d9809c5e8418bb047bf2c8ba1d1a2cec, type: 3}
      propertyPath: m_LocalEulerAnglesHint.x
      value: 0
      objectReference: {fileID: 0}
    - target: {fileID: 488160, guid: d9809c5e8418bb047bf2c8ba1d1a2cec, type: 3}
      propertyPath: m_LocalEulerAnglesHint.y
      value: 0
      objectReference: {fileID: 0}
    - target: {fileID: 488160, guid: d9809c5e8418bb047bf2c8ba1d1a2cec, type: 3}
      propertyPath: m_LocalEulerAnglesHint.z
      value: 0
      objectReference: {fileID: 0}
    - target: {fileID: 11479374, guid: d9809c5e8418bb047bf2c8ba1d1a2cec, type: 3}
      propertyPath: m_controller
      value: 16777216
      objectReference: {fileID: 0}
    m_RemovedComponents: []
  m_SourcePrefab: {fileID: 100100000, guid: d9809c5e8418bb047bf2c8ba1d1a2cec, type: 3}
--- !u!1001 &6573327841689619418
PrefabInstance:
  m_ObjectHideFlags: 0
  serializedVersion: 2
  m_Modification:
    m_TransformParent: {fileID: 0}
    m_Modifications:
    - target: {fileID: 9186828756928499557, guid: 99e89c4df6d023544b2c19d7700b495a,
        type: 3}
      propertyPath: m_LocalPosition.x
      value: -25.39
      objectReference: {fileID: 0}
    - target: {fileID: 9186828756928499557, guid: 99e89c4df6d023544b2c19d7700b495a,
        type: 3}
      propertyPath: m_LocalPosition.y
      value: -1.96
      objectReference: {fileID: 0}
    - target: {fileID: 9186828756928499557, guid: 99e89c4df6d023544b2c19d7700b495a,
        type: 3}
      propertyPath: m_LocalPosition.z
      value: -4.44
      objectReference: {fileID: 0}
    - target: {fileID: 9186828756928499557, guid: 99e89c4df6d023544b2c19d7700b495a,
        type: 3}
      propertyPath: m_LocalRotation.x
      value: 0
      objectReference: {fileID: 0}
    - target: {fileID: 9186828756928499557, guid: 99e89c4df6d023544b2c19d7700b495a,
        type: 3}
      propertyPath: m_LocalRotation.y
      value: 0
      objectReference: {fileID: 0}
    - target: {fileID: 9186828756928499557, guid: 99e89c4df6d023544b2c19d7700b495a,
        type: 3}
      propertyPath: m_LocalRotation.z
      value: 0
      objectReference: {fileID: 0}
    - target: {fileID: 9186828756928499557, guid: 99e89c4df6d023544b2c19d7700b495a,
        type: 3}
      propertyPath: m_LocalRotation.w
      value: 1
      objectReference: {fileID: 0}
    - target: {fileID: 9186828756928499557, guid: 99e89c4df6d023544b2c19d7700b495a,
        type: 3}
      propertyPath: m_RootOrder
      value: 2
      objectReference: {fileID: 0}
    - target: {fileID: 9186828756928499557, guid: 99e89c4df6d023544b2c19d7700b495a,
        type: 3}
      propertyPath: m_LocalEulerAnglesHint.x
      value: 0
      objectReference: {fileID: 0}
    - target: {fileID: 9186828756928499557, guid: 99e89c4df6d023544b2c19d7700b495a,
        type: 3}
      propertyPath: m_LocalEulerAnglesHint.y
      value: 0
      objectReference: {fileID: 0}
    - target: {fileID: 9186828756928499557, guid: 99e89c4df6d023544b2c19d7700b495a,
        type: 3}
      propertyPath: m_LocalEulerAnglesHint.z
      value: 0
      objectReference: {fileID: 0}
    - target: {fileID: 9186828756928499567, guid: 99e89c4df6d023544b2c19d7700b495a,
        type: 3}
      propertyPath: m_LocalPosition.y
      value: 0.157
      objectReference: {fileID: 0}
    - target: {fileID: 9186828756928860997, guid: 99e89c4df6d023544b2c19d7700b495a,
        type: 3}
      propertyPath: m_Name
      value: virasto002
      objectReference: {fileID: 0}
    - target: {fileID: 9186828756928860997, guid: 99e89c4df6d023544b2c19d7700b495a,
        type: 3}
      propertyPath: m_IsActive
      value: 1
      objectReference: {fileID: 0}
    - target: {fileID: 9186828756930792841, guid: 99e89c4df6d023544b2c19d7700b495a,
        type: 3}
      propertyPath: m_Materials.Array.data[0]
      value: 
      objectReference: {fileID: 2100000, guid: 5f099cad775094745a5318af6066fa2f, type: 2}
    - target: {fileID: 9186828756930792843, guid: 99e89c4df6d023544b2c19d7700b495a,
        type: 3}
      propertyPath: m_Materials.Array.data[0]
      value: 
      objectReference: {fileID: 2100000, guid: d67e0f0f5cb7f55458056da6cac2f933, type: 2}
    - target: {fileID: 9186828756930792845, guid: 99e89c4df6d023544b2c19d7700b495a,
        type: 3}
      propertyPath: m_Materials.Array.data[0]
      value: 
      objectReference: {fileID: 2100000, guid: d67e0f0f5cb7f55458056da6cac2f933, type: 2}
    - target: {fileID: 9186828756930792847, guid: 99e89c4df6d023544b2c19d7700b495a,
        type: 3}
      propertyPath: m_Materials.Array.data[0]
      value: 
      objectReference: {fileID: 2100000, guid: f4bf0450c2f194b4cbf55f2ee52dee94, type: 2}
    - target: {fileID: 9186828756930792849, guid: 99e89c4df6d023544b2c19d7700b495a,
        type: 3}
      propertyPath: m_Materials.Array.data[0]
      value: 
      objectReference: {fileID: 2100000, guid: 5f099cad775094745a5318af6066fa2f, type: 2}
    - target: {fileID: 9186828756930792851, guid: 99e89c4df6d023544b2c19d7700b495a,
        type: 3}
      propertyPath: m_Materials.Array.data[0]
      value: 
      objectReference: {fileID: 2100000, guid: d67e0f0f5cb7f55458056da6cac2f933, type: 2}
    - target: {fileID: 9186828756930792853, guid: 99e89c4df6d023544b2c19d7700b495a,
        type: 3}
      propertyPath: m_Materials.Array.data[0]
      value: 
      objectReference: {fileID: 2100000, guid: d67e0f0f5cb7f55458056da6cac2f933, type: 2}
    - target: {fileID: 9186828756930792855, guid: 99e89c4df6d023544b2c19d7700b495a,
        type: 3}
      propertyPath: m_Materials.Array.data[0]
      value: 
      objectReference: {fileID: 2100000, guid: 5f099cad775094745a5318af6066fa2f, type: 2}
    - target: {fileID: 9186828756930792857, guid: 99e89c4df6d023544b2c19d7700b495a,
        type: 3}
      propertyPath: m_Materials.Array.data[0]
      value: 
      objectReference: {fileID: 2100000, guid: c9dcdb0ecd8bc8143a2f092411a0a098, type: 2}
    - target: {fileID: 9186828756930792859, guid: 99e89c4df6d023544b2c19d7700b495a,
        type: 3}
      propertyPath: m_Materials.Array.data[0]
      value: 
      objectReference: {fileID: 2100000, guid: 2e01f36582f10bc49a6614e9235fa2d2, type: 2}
    - target: {fileID: 9186828756930792861, guid: 99e89c4df6d023544b2c19d7700b495a,
        type: 3}
      propertyPath: m_Materials.Array.data[0]
      value: 
      objectReference: {fileID: 2100000, guid: 2e01f36582f10bc49a6614e9235fa2d2, type: 2}
    - target: {fileID: 9186828756930792863, guid: 99e89c4df6d023544b2c19d7700b495a,
        type: 3}
      propertyPath: m_Materials.Array.data[0]
      value: 
      objectReference: {fileID: 2100000, guid: 5f099cad775094745a5318af6066fa2f, type: 2}
    m_RemovedComponents: []
  m_SourcePrefab: {fileID: 100100000, guid: 99e89c4df6d023544b2c19d7700b495a, type: 3}
--- !u!1001 &7309028268270763692
PrefabInstance:
  m_ObjectHideFlags: 0
  serializedVersion: 2
  m_Modification:
    m_TransformParent: {fileID: 0}
    m_Modifications:
    - target: {fileID: 7309028268156082816, guid: e663e8fc0e4911a4cba6302aa13af90d,
        type: 3}
      propertyPath: m_TargetAudioSources.Array.size
      value: 1
      objectReference: {fileID: 0}
    - target: {fileID: 7309028268156082816, guid: e663e8fc0e4911a4cba6302aa13af90d,
        type: 3}
      propertyPath: m_DirectAudioVolumes.Array.size
      value: 1
      objectReference: {fileID: 0}
    - target: {fileID: 7309028268156082816, guid: e663e8fc0e4911a4cba6302aa13af90d,
        type: 3}
      propertyPath: m_EnabledAudioTracks.Array.size
      value: 1
      objectReference: {fileID: 0}
    - target: {fileID: 7309028268156082816, guid: e663e8fc0e4911a4cba6302aa13af90d,
        type: 3}
      propertyPath: m_DirectAudioMutes.Array.size
      value: 1
      objectReference: {fileID: 0}
    - target: {fileID: 7309028268156082816, guid: e663e8fc0e4911a4cba6302aa13af90d,
        type: 3}
      propertyPath: m_VideoClip
      value: 
      objectReference: {fileID: 32900000, guid: 5a138d481c8fb8c478a8b6cd2a64bd15,
        type: 3}
    - target: {fileID: 7309028268156082816, guid: e663e8fc0e4911a4cba6302aa13af90d,
        type: 3}
      propertyPath: m_DirectAudioVolumes.Array.data[0]
      value: 1
      objectReference: {fileID: 0}
    - target: {fileID: 7309028268156082816, guid: e663e8fc0e4911a4cba6302aa13af90d,
        type: 3}
      propertyPath: m_EnabledAudioTracks.Array.data[0]
      value: 1
      objectReference: {fileID: 0}
    - target: {fileID: 7309028268156082816, guid: e663e8fc0e4911a4cba6302aa13af90d,
        type: 3}
      propertyPath: m_ControlledAudioTrackCount
      value: 1
      objectReference: {fileID: 0}
    - target: {fileID: 7309028268156082823, guid: e663e8fc0e4911a4cba6302aa13af90d,
        type: 3}
      propertyPath: m_Name
      value: Plane
      objectReference: {fileID: 0}
    - target: {fileID: 7309028268156082844, guid: e663e8fc0e4911a4cba6302aa13af90d,
        type: 3}
      propertyPath: m_LocalPosition.x
      value: -1.55
      objectReference: {fileID: 0}
    - target: {fileID: 7309028268156082844, guid: e663e8fc0e4911a4cba6302aa13af90d,
        type: 3}
      propertyPath: m_LocalPosition.y
      value: -0.42
      objectReference: {fileID: 0}
    - target: {fileID: 7309028268156082844, guid: e663e8fc0e4911a4cba6302aa13af90d,
        type: 3}
      propertyPath: m_LocalPosition.z
      value: -3.05
      objectReference: {fileID: 0}
    - target: {fileID: 7309028268156082844, guid: e663e8fc0e4911a4cba6302aa13af90d,
        type: 3}
      propertyPath: m_LocalRotation.x
      value: 0.70710677
      objectReference: {fileID: 0}
    - target: {fileID: 7309028268156082844, guid: e663e8fc0e4911a4cba6302aa13af90d,
        type: 3}
      propertyPath: m_LocalRotation.y
      value: 0
      objectReference: {fileID: 0}
    - target: {fileID: 7309028268156082844, guid: e663e8fc0e4911a4cba6302aa13af90d,
        type: 3}
      propertyPath: m_LocalRotation.z
      value: 0
      objectReference: {fileID: 0}
    - target: {fileID: 7309028268156082844, guid: e663e8fc0e4911a4cba6302aa13af90d,
        type: 3}
      propertyPath: m_LocalRotation.w
      value: 0.70710677
      objectReference: {fileID: 0}
    - target: {fileID: 7309028268156082844, guid: e663e8fc0e4911a4cba6302aa13af90d,
        type: 3}
      propertyPath: m_RootOrder
      value: 4
      objectReference: {fileID: 0}
    - target: {fileID: 7309028268156082844, guid: e663e8fc0e4911a4cba6302aa13af90d,
        type: 3}
      propertyPath: m_LocalEulerAnglesHint.x
      value: 90
      objectReference: {fileID: 0}
    - target: {fileID: 7309028268156082844, guid: e663e8fc0e4911a4cba6302aa13af90d,
        type: 3}
      propertyPath: m_LocalEulerAnglesHint.y
      value: 90
      objectReference: {fileID: 0}
    - target: {fileID: 7309028268156082844, guid: e663e8fc0e4911a4cba6302aa13af90d,
        type: 3}
      propertyPath: m_LocalEulerAnglesHint.z
      value: 90
      objectReference: {fileID: 0}
    m_RemovedComponents: []
  m_SourcePrefab: {fileID: 100100000, guid: e663e8fc0e4911a4cba6302aa13af90d, type: 3}
